@article{shor,
  doi = {10.1137/s0036144598347011},
  url = {https://doi.org/10.1137/s0036144598347011},
  year = {1999},
  month = jan,
  publisher = {Society for Industrial {\&} Applied Mathematics ({SIAM})},
  volume = {41},
  number = {2},
  pages = {303--332},
  author = {Peter W. Shor},
  title = {Polynomial-Time Algorithms for Prime Factorization and Discrete Logarithms on a Quantum Computer},
  journal = {{SIAM} Review}
}

@software{qGAN_github_code,
  title        = {{Style-qGAN Github source code}},
  author       = {Bravo-Prieto, Carlos and Baglio, Julien and Cè, Marco and Francis, Anthony and Grabowska, Dorota M and Carrazza, Stefano},
  url        = {https://github.com/scarrazza/qgmc},
  year={2021}
}

@software{qGAN_github_model,
  title        = {{Style-qGAN Github model example}},
  author       = {Bravo-Prieto, Carlos and Baglio, Julien and Cè, Marco and Francis, Anthony and Grabowska, Dorota M and Carrazza, Stefano},
  url        = {https://github.com/scarrazza/qgmc/blob/main/tutorial_notebook/style-qGAN-Tutorial.ipynb},
  year={2021}
}

@article{larocca2021theory,
  title={Theory of overparametrization in quantum neural networks},
  author={Larocca, Martin and Ju, Nathan and Garc{\'\i}a-Mart{\'\i}n, Diego and Coles, Patrick J and Cerezo, M},
  journal={arXiv preprint arXiv:2109.11676},
  year={2021}
}

@article{zeiler2012adadelta,
  title={Adadelta: an adaptive learning rate method},
  author={Zeiler, Matthew D},
  journal={arXiv preprint arXiv:1212.5701},
  year={2012}
}

@article{pepper2019experimental,
  title={Experimental realization of a quantum autoencoder: The compression of qutrits via machine learning},
  author={Pepper, Alex and Tischler, Nora and Pryde, Geoff J},
  journal={Physical Review Letters},
  volume={122},
  number={6},
  pages={060501},
  year={2019},
  publisher={APS}
}

@article{yeo2000new,
  title={A new family of power transformations to improve normality or symmetry},
  author={Yeo, In-Kwon and Johnson, Richard A},
  journal={Biometrika},
  volume={87},
  number={4},
  pages={954--959},
  year={2000},
  publisher={Oxford University Press}
}

@article{dutta2021realization,
  title={Realization of an ion trap quantum classifier},
  author={Dutta, Tarun and P{\'e}rez-Salinas, Adri{\'a}n and Cheng, Jasper Phua Sing and Latorre, Jos{\'e} Ignacio and Mukherjee, Manas},
  journal={arXiv preprint arXiv:2106.14059},
  year={2021}
}

@inproceedings{grover,
  title={A fast quantum mechanical algorithm for database search},
  author={Grover, Lov K},
  booktitle={Proceedings of the twenty-eighth annual ACM symposium on Theory of computing},
  pages={212--219},
  year={1996}
}

@article{nisq,
   title={Quantum Computing in the NISQ era and beyond},
   volume={2},
   ISSN={2521-327X},
   url={http://dx.doi.org/10.22331/q-2018-08-06-79},
   DOI={10.22331/q-2018-08-06-79},
   journal={Quantum},
   publisher={Verein zur Forderung des Open Access Publizierens in den Quantenwissenschaften},
   author={Preskill, John},
   year={2018},
   month={Aug},
   pages={79}
}

@article{zhong2020quantum,
  title={Quantum computational advantage using photons},
  author={Zhong, Han-Sen and Wang, Hui and Deng, Yu-Hao and Chen, Ming-Cheng and Peng, Li-Chao and Luo, Yi-Han and Qin, Jian and Wu, Dian and Ding, Xing and Hu, Yi and others},
  journal={Science},
  volume={370},
  number={6523},
  pages={1460--1463},
  year={2020},
  publisher={American Association for the Advancement of Science}
}

@article{supremacy,
  doi = {10.1038/s41586-019-1666-5},
  url = {http://doi.org/10.1038/s41586-019-1666-5},
  year = {2019},
  month = oct,
  publisher = {Springer Science and Business Media {LLC}},
  volume = {574},
  number = {7779},
  pages = {505--510},
  author = {Arute, Frank and Arya, Kunal and Babbush, Ryan and Bacon, Dave and  Bardin, Joseph C. and Barends, Rami and Biswas, Rupak and Boixo, Sergio and G. S. L. Brandao, Fernando and Buell, David A. and others},
  title = {Quantum supremacy using a programmable superconducting processor},
  journal = {Nature}
}

@article{cerveralierta:2018ising,
   title={Exact Ising model simulation on a quantum computer},
   volume={2},
   ISSN={2521-327X},
   url={http://dx.doi.org/10.22331/q-2018-12-21-114},
   DOI={10.22331/q-2018-12-21-114},
   journal={Quantum},
   publisher={Verein zur Forderung des Open Access Publizierens in den Quantenwissenschaften},
   author={Cervera-Lierta, Alba},
   year={2018},
   month={Dec},
   pages={114}
}

@article{suba:2019spectroscopy,
	doi = {10.1088/1751-8121/aaf54d},
	url = {http://doi.org/10.1088%2F1751-8121%2Faaf54d},
	year = 2019,
	month = {jan},
	publisher = {{IOP} Publishing},
	volume = {52},
	number = {4},
	pages = {044001},
	author = {Yi{\u{g}}it Suba{\c{s}}{\i} and Lukasz Cincio and Patrick J Coles},
	title = {Entanglement spectroscopy with a depth-two quantum circuit},
	journal = {Journal of Physics A: Mathematical and Theoretical}}
}

@article{sim2019expressibility,
  title={Expressibility and entangling capability of parameterized quantum circuits for hybrid quantum-classical algorithms},
  author={Sim, Sukin and Johnson, Peter D and Aspuru-Guzik, Al{\'a}n},
  journal={Advanced Quantum Technologies},
  volume={2},
  number={12},
  pages={1900070},
  year={2019},
  publisher={Wiley Online Library}
}

@article{harrow2009quantum,
  title={Quantum algorithm for linear systems of equations},
  author={Harrow, Aram W and Hassidim, Avinatan and Lloyd, Seth},
  journal={Physical Review Letters},
  volume={103},
  number={15},
  pages={150502},
  year={2009},
  publisher={APS}
}

@article {bravyi:2018shallow,
	author = {Bravyi, Sergey and Gosset, David and K{\"o}nig, Robert},
	title = {Quantum advantage with shallow circuits},
	volume = {362},
	number = {6412},
	pages = {308--311},
	year = {2018},
	doi = {10.1126/science.aar3106},
	publisher = {American Association for the Advancement of Science},
	issn = {0036-8075},
	URL = {http://science.sciencemag.org/content/362/6412/308},
	journal = {Science}
}

@article{Bravyi:2020noisyshallow,
   title={Quantum advantage with noisy shallow circuits},
   volume={16},
   ISSN={1745-2481},
   url={http://dx.doi.org/10.1038/s41567-020-0948-z},
   doi={10.1038/s41567-020-0948-z},
   number={10},
   journal={Nature Physics},
   publisher={Springer Science and Business Media LLC},
   author={Bravyi, Sergey and Gosset, David and König, Robert and Tomamichel, Marco},
   year={2020},
   month={Jul},
   pages={1040–1045}
}

@article{goto2021universal,
  title={Universal Approximation Property of Quantum Machine Learning Models in Quantum-Enhanced Feature Spaces},
  author={Goto, Takahiro and Tran, Quoc Hoan and Nakajima, Kohei},
  journal={Physical Review Letters},
  volume={127},
  number={9},
  pages={090506},
  year={2021},
  publisher={APS}
}

@article{situ2020quantum,
  title={Quantum generative adversarial network for generating discrete distribution},
  author={Situ, Haozhen and He, Zhimin and Wang, Yuyi and Li, Lvzhou and Zheng, Shenggen},
  journal={Information Sciences},
  volume={538},
  pages={193--208},
  year={2020},
  publisher={Elsevier}
}

@article{niu2021entangling,
  title={Entangling Quantum Generative Adversarial Networks},
  author={Niu, Murphy Yuezhen and Zlokapa, Alexander and Broughton, Michael and Boixo, Sergio and Mohseni, Masoud and Smelyanskyi, Vadim and Neven, Hartmut},
  journal={arXiv preprint arXiv:2105.00080},
  year={2021}
}

@article{huang2021information,
  title={Information-theoretic bounds on quantum advantage in machine learning},
  author={Huang, Hsin-Yuan and Kueng, Richard and Preskill, John},
  journal={Physical Review Letters},
  volume={126},
  number={19},
  pages={190505},
  year={2021},
  publisher={APS}
}

@inproceedings{karras2019style,
  title={A style-based generator architecture for generative adversarial networks},
  author={Karras, Tero and Laine, Samuli and Aila, Timo},
  booktitle={Proceedings of the IEEE/CVF Conference on Computer Vision and Pattern Recognition},
  pages={4401--4410},
  year={2019}
}

@article{kubler2021inductive,
  title={The Inductive Bias of Quantum Kernels},
  author={K{\"u}bler, Jonas M and Buchholz, Simon and Sch{\"o}lkopf, Bernhard},
  journal={arXiv preprint arXiv:2106.03747},
  year={2021}
}

@article{zeng2019learning,
  title={Learning and inference on generative adversarial quantum circuits},
  author={Zeng, Jinfeng and Wu, Yufeng and Liu, Jin-Guo and Wang, Lei and Hu, Jiangping},
  journal={Physical Review A},
  volume={99},
  number={5},
  pages={052306},
  year={2019},
  publisher={APS}
}

@article{benedetti2019adversarial,
  title={Adversarial quantum circuit learning for pure state approximation},
  author={Benedetti, Marcello and Grant, Edward and Wossnig, Leonard and Severini, Simone},
  journal={New Journal of Physics},
  volume={21},
  number={4},
  pages={043023},
  year={2019},
  publisher={IOP Publishing}
}

@article{zoufal2019quantum,
  title={Quantum generative adversarial networks for learning and loading random distributions},
  author={Zoufal, Christa and Lucchi, Aur{\'e}lien and Woerner, Stefan},
  journal={npj Quantum Information},
  volume={5},
  number={1},
  pages={1--9},
  year={2019},
  publisher={Nature Publishing Group}
}

@article{romero2021variational,
  title={Variational quantum generators: Generative adversarial quantum machine learning for continuous distributions},
  author={Romero, Jonathan and Aspuru-Guzik, Al{\'a}n},
  journal={Advanced Quantum Technologies},
  volume={4},
  number={1},
  pages={2000003},
  year={2021},
  publisher={Wiley Online Library}
}

@article{hu2019quantum,
  title={Quantum generative adversarial learning in a superconducting quantum circuit},
  author={Hu, Ling and Wu, Shu-Hao and Cai, Weizhou and Ma, Yuwei and Mu, Xianghao and Xu, Yuan and Wang, Haiyan and Song, Yipu and Deng, Dong-Ling and Zou, Chang-Ling and others},
  journal={Science advances},
  volume={5},
  number={1},
  pages={eaav2761},
  year={2019},
  publisher={American Association for the Advancement of Science}
}

@article{lloyd2018quantum,
  title={Quantum generative adversarial learning},
  author={Lloyd, Seth and Weedbrook, Christian},
  journal={Physical Review Letters},
  volume={121},
  number={4},
  pages={040502},
  year={2018},
  publisher={APS}
}

@article{dallaire2018quantum,
  title={Quantum generative adversarial networks},
  author={Dallaire-Demers, Pierre-Luc and Killoran, Nathan},
  journal={Physical Review A},
  volume={98},
  number={1},
  pages={012324},
  year={2018},
  publisher={APS}
}

@article{goodfellow2014generative,
  title={Generative adversarial nets},
  author={Goodfellow, Ian and Pouget-Abadie, Jean and Mirza, Mehdi and Xu, Bing and Warde-Farley, David and Ozair, Sherjil and Courville, Aaron and Bengio, Yoshua},
  journal={Advances in neural information processing systems},
  volume={27},
  year={2014}
}

@article{perez2021one,
  title={One qubit as a universal approximant},
  author={P{\'e}rez-Salinas, Adri{\'a}n and L{\'o}pez-N{\'u}{\~n}ez, David and Garc{\'\i}a-S{\'a}ez, Artur and Forn-D{\'\i}az, Pol and Latorre, Jos{\'e} I},
  journal={Physical Review A},
  volume={104},
  number={1},
  pages={012405},
  year={2021},
  publisher={APS}
}

@article{schuld2021effect,
  title={Effect of data encoding on the expressive power of variational quantum-machine-learning models},
  author={Schuld, Maria and Sweke, Ryan and Meyer, Johannes Jakob},
  journal={Physical Review A},
  volume={103},
  number={3},
  pages={032430},
  year={2021},
  publisher={APS}
}

@article{bravo2020scaling,
  title={Scaling of variational quantum circuit depth for condensed matter systems},
  author={Bravo-Prieto, Carlos and Lumbreras-Zarapico, Josep and Tagliacozzo, Luca and Latorre, Jos{\'e} I},
  journal={Quantum},
  volume={4},
  pages={272},
  year={2020},
  publisher={Verein zur F{\"o}rderung des Open Access Publizierens in den Quantenwissenschaften}
}

@misc{ramoscalderer:2020unary,
      title={Quantum unary approach to option pricing},
      author={Sergi Ramos-Calderer and Adrián Pérez-Salinas and Diego García-Martín and Carlos Bravo-Prieto and Jorge Cortada and Jordi Planagumà and José I. Latorre},
      year={2020},
      eprint={1912.01618},
      archivePrefix={arXiv},
      primaryClass={quant-ph}
}

@article{peruzzo:2014vqe,
   title={A variational eigenvalue solver on a photonic quantum processor},
   volume={5},
   ISSN={2041-1723},
   url={http://dx.doi.org/10.1038/ncomms5213},
   doi={10.1038/ncomms5213},
   number={1},
   journal={Nature Communications},
   publisher={Springer Science and Business Media LLC},
   author={Peruzzo, Alberto and McClean, Jarrod and Shadbolt, Peter and Yung, Man-Hong and Zhou, Xiao-Qi and Love, Peter J. and Aspuru-Guzik, Alán and O’Brien, Jeremy L.},
   year={2014},
   month={Jul},
   pages={4213}
}

@article{higgott:2019vqe,
  doi = {10.22331/q-2019-07-01-156},
  url = {https://doi.org/10.22331/q-2019-07-01-156},
  year = {2019},
  month = jul,
  publisher = {Verein zur Forderung des Open Access Publizierens in den Quantenwissenschaften},
  volume = {3},
  pages = {156},
  author = {Oscar Higgott and Daochen Wang and Stephen Brierley},
  title = {Variational Quantum Computation of Excited States},
  journal = {Quantum}
}

@article{aspuru:2005molecular,
   title={Simulated Quantum Computation of Molecular Energies},
   volume={309},
   ISSN={1095-9203},
   url={http://dx.doi.org/10.1126/science.1113479},
   doi={10.1126/science.1113479},
   number={5741},
   journal={Science},
   publisher={American Association for the Advancement of Science (AAAS)},
   author={Aspuru-Guzik, A.},
   year={2005},
   month={Sep},
   pages={1704–1707}
}

@article{hempel:2018chemistry,
   title={Quantum Chemistry Calculations on a Trapped-Ion Quantum Simulator},
   volume={8},
   ISSN={2160-3308},
   url={http://dx.doi.org/10.1103/PhysRevX.8.031022},
   doi={10.1103/physrevx.8.031022},
   number={3},
   journal={Physical Review X},
   publisher={American Physical Society (APS)},
   author={Hempel, Cornelius and Maier, Christine and Romero, Jonathan and McClean, Jarrod and Monz, Thomas and Shen, Heng and Jurcevic, Petar and Lanyon, Ben P. and Love, Peter and Babbush, Ryan and et al.},
   year={2018},
   month={Jul},
   pages={031022}
}

@article{cerezo2021variational,
  title={Variational quantum algorithms},
  author={Cerezo, Marco and Arrasmith, Andrew and Babbush, Ryan and Benjamin, Simon C and Endo, Suguru and Fujii, Keisuke and McClean, Jarrod R and Mitarai, Kosuke and Yuan, Xiao and Cincio, Lukasz and others},
  journal={Nature Reviews Physics},
  volume={3},
  pages={625–644},
  year={2021},
  publisher={Nature Publishing Group}
}

@article{jones:2019vqe,
   title={Variational quantum algorithms for discovering Hamiltonian spectra},
   volume={99},
   ISSN={2469-9934},
   url={http://dx.doi.org/10.1103/PhysRevA.99.062304},
   DOI={10.1103/physreva.99.062304},
   number={6},
   journal={Physical Review A},
   publisher={American Physical Society (APS)},
   author={Jones, Tyson and Endo, Suguru and McArdle, Sam and Yuan, Xiao and Benjamin, Simon C.},
   year={2019},
   month={Jun}
}

%

@article{li:2017simulation,
  title = {Efficient Variational Quantum Simulator Incorporating Active Error Minimization},
  author = {Li, Ying and Benjamin, Simon C.},
  journal = {Phys. Rev. X},
  volume = {7},
  issue = {2},
  pages = {021050},
  numpages = {14},
  year = {2017},
  month = {Jun},
  publisher = {American Physical Society},
  doi = {10.1103/PhysRevX.7.021050},
  url = {http://link.aps.org/doi/10.1103/PhysRevX.7.021050}
}

@article{kokail:2019simulation,
  doi = {10.1038/s41586-019-1177-4},
  url = {http://doi.org/10.1038/s41586-019-1177-4},
  year = {2019},
  month = may,
  publisher = {Springer Science and Business Media {LLC}},
  volume = {569},
  number = {7756},
  pages = {355--360},
  author = {C. Kokail and C. Maier and R. van Bijnen and T. Brydges and M. K. Joshi and P. Jurcevic and C. A. Muschik and P. Silvi and R. Blatt and C. F. Roos and P. Zoller},
  title = {Self-verifying variational quantum simulation of lattice models},
  journal = {Nature}
}

@article{cirstoiu:2020simulation,
   title={Variational fast forwarding for quantum simulation beyond the coherence time},
   volume={6},
   ISSN={2056-6387},
   url={http://dx.doi.org/10.1038/s41534-020-00302-0},
   doi={10.1038/s41534-020-00302-0},
   number={1},
   journal={npj Quantum Information},
   publisher={Springer Science and Business Media LLC},
   author={Cîrstoiu, Cristina and Holmes, Zoë and Iosue, Joseph and Cincio, Lukasz and Coles, Patrick J. and Sornborger, Andrew},
   year={2020},
   month={Sep},
   pages={82}
}

@misc{farhi:2014qoao,
      title={A Quantum Approximate Optimization Algorithm},
      author={Edward Farhi and Jeffrey Goldstone and Sam Gutmann},
      year={2014},
      eprint={1411.4028},
      archivePrefix={arXiv},
      primaryClass={quant-ph}
}

@misc{bravoprieto:2020linear,
      title={Variational Quantum Linear Solver},
      author={Carlos Bravo-Prieto and Ryan LaRose and M. Cerezo and Yigit Subasi and Lukasz Cincio and Patrick J. Coles},
      year={2020},
      eprint={1909.05820},
      archivePrefix={arXiv},
      primaryClass={quant-ph}
}

@misc{xu:2019linear,
      title={Variational algorithms for linear algebra},
      author={Xiaosi Xu and Jinzhao Sun and Suguru Endo and Ying Li and Simon C. Benjamin and Xiao Yuan},
      year={2019},
      eprint={1909.03898},
      archivePrefix={arXiv},
      primaryClass={quant-ph}
}

@misc{huang:2019linear,
      title={Near-term quantum algorithms for linear systems of equations},
      author={Hsin-Yuan Huang and Kishor Bharti and Patrick Rebentrost},
      year={2019},
      eprint={1909.07344},
      archivePrefix={arXiv},
      primaryClass={quant-ph}
}

@article{LaRose:2019diagonalization,
  doi = {10.1038/s41534-019-0167-6},
  url = {http://doi.org/10.1038/s41534-019-0167-6},
  year = {2019},
  month = jun,
  publisher = {Springer Science and Business Media {LLC}},
  volume = {5},
  number = {1},
  author = {Ryan LaRose and Arkin Tikku and {\'{E}}tude O'Neel-Judy and Lukasz Cincio and Patrick J. Coles},
  title = {Variational quantum state diagonalization},
  journal = {npj Quantum Information},
   pages={57}
}

@article{BravoPrieto:2020diagonalization,
  doi = {10.1103/physreva.101.062310},
  url = {http://doi.org/10.1103/physreva.101.062310},
  year = {2020},
  month = jun,
  publisher = {American Physical Society ({APS})},
  volume = {101},
  number = {6},
  author = {Carlos Bravo-Prieto and Diego Garc{\'{\i}}a-Mart{\'{\i}}n and Jos{\'{e}} I. Latorre},
  title = {Quantum singular value decomposer},
  journal = {Physical Review A},
  pages={}
}

@article{perezsalinas:2020reuploading,
  doi = {10.22331/q-2020-02-06-226},
  url = {https://doi.org/10.22331/q-2020-02-06-226},
  year = {2020},
  month = feb,
  publisher = {Verein zur Forderung des Open Access Publizierens in den Quantenwissenschaften},
  volume = {4},
  pages = {226},
  author = {Adri{\'{a}}n P{\'{e}}rez-Salinas and Alba Cervera-Lierta and Elies Gil-Fuster and Jos{\'{e}} I. Latorre},
  title = {Data re-uploading for a universal quantum classifier},
  journal = {Quantum}
}

@article{schuld2020circuit,
  title={Circuit-centric quantum classifiers},
  author={Schuld, Maria and Bocharov, Alex and Svore, Krysta M and Wiebe, Nathan},
  journal={Physical Review A},
  volume={101},
  number={3},
  pages={032308},
  year={2020},
  publisher={APS}
}

@article{bravo2021quantum,
  title={Quantum autoencoders with enhanced data encoding},
  author={Bravo-Prieto, Carlos},
  journal={Machine Learning: Science and Technology},
  year={2021},
  volume={2},
  number={3},
  pages={035028},
  publisher={IOP Publishing}
}

@article{hamilton2019generative,
  title={Generative model benchmarks for superconducting qubits},
  author={Hamilton, Kathleen E and Dumitrescu, Eugene F and Pooser, Raphael C},
  journal={Physical Review A},
  volume={99},
  number={6},
  pages={062323},
  year={2019},
  publisher={APS}
}

@article{coyle2020born,
  title={The Born supremacy: quantum advantage and training of an Ising Born machine},
  author={Coyle, Brian and Mills, Daniel and Danos, Vincent and Kashefi, Elham},
  journal={npj Quantum Information},
  volume={6},
  number={1},
  pages={1--11},
  year={2020},
  publisher={Nature Publishing Group}
}

@article{benedetti2019parameterized,
  title={Parameterized quantum circuits as machine learning models},
  author={Benedetti, Marcello and Lloyd, Erika and Sack, Stefan and Fiorentini, Mattia},
  journal={Quantum Science and Technology},
  volume={4},
  number={4},
  pages={043001},
  year={2019},
  publisher={IOP Publishing}
}

@article{benedetti2019generative,
  title={A generative modeling approach for benchmarking and training shallow quantum circuits},
  author={Benedetti, Marcello and Garcia-Pintos, Delfina and Perdomo, Oscar and Leyton-Ortega, Vicente and Nam, Yunseong and Perdomo-Ortiz, Alejandro},
  journal={npj Quantum Information},
  volume={5},
  number={1},
  pages={1--9},
  year={2019},
  publisher={Nature Publishing Group}
}

@article{cao2021noise,
  title={Noise-Assisted Quantum Autoencoder},
  author={Cao, Chenfeng and Wang, Xin},
  journal={Physical Review Applied},
  volume={15},
  number={5},
  pages={054012},
  year={2021},
  publisher={APS}
}

@article{romero2017quantum,
  title={Quantum autoencoders for efficient compression of quantum data},
  author={Romero, Jonathan and Olson, Jonathan P and Aspuru-Guzik, Alan},
  journal={Quantum Science and Technology},
  volume={2},
  number={4},
  pages={045001},
  year={2017},
  publisher={IOP Publishing}
}

@article{havlivcek2019supervised,
  title={Supervised learning with quantum-enhanced feature spaces},
  author={Havl{\'\i}{\v{c}}ek, Vojt{\v{e}}ch and C{\'o}rcoles, Antonio D and Temme, Kristan and Harrow, Aram W and Kandala, Abhinav and Chow, Jerry M and Gambetta, Jay M},
  journal={Nature},
  volume={567},
  number={7747},
  pages={209--212},
  year={2019},
  publisher={Nature Publishing Group}
}

@book{schuld2018supervised,
  title={Supervised learning with quantum computers},
  author={Schuld, Maria and Petruccione, Francesco},
  volume={17},
  year={2018},
  publisher={Springer}
}

@article{biamonte2017quantum,
  title={Quantum machine learning},
  author={Biamonte, Jacob and Wittek, Peter and Pancotti, Nicola and Rebentrost, Patrick and Wiebe, Nathan and Lloyd, Seth},
  journal={Nature},
  volume={549},
  number={7671},
  pages={195--202},
  year={2017},
  publisher={Nature Publishing Group}
}

@article{bharti2021noisy,
  title={Noisy intermediate-scale quantum ({NISQ}) algorithms},
  author={Bharti, Kishor and Cervera-Lierta, Alba and Kyaw, Thi Ha and Haug, Tobias and Alperin-Lea, Sumner and Anand, Abhinav and Degroote, Matthias and Heimonen, Hermanni and Kottmann, Jakob S and Menke, Tim and others},
  journal={arXiv preprint arXiv:2101.08448},
  year={2021}
}

@article{P_rez_Salinas_2021,
   title={Determining the proton content with a quantum computer},
   volume={103},
   ISSN={2470-0029},
   number={3},
   journal={Physical Review D},
   pages={034027},
   publisher={American Physical Society (APS)},
   author={Pérez-Salinas, Adrián and Cruz-Martinez, Juan and Alhajri, Abdulla A. and Carrazza, Stefano},
   year={2021},
   month={Feb}
}

@article{mitarai:2018circuit,
  title = {Quantum circuit learning},
  author = {Mitarai, K. and Negoro, M. and Kitagawa, M. and Fujii, K.},
  journal = {Phys. Rev. A},
  volume = {98},
  issue = {3},
  pages = {032309},
  numpages = {6},
  year = {2018},
  month = {Sep},
  publisher = {American Physical Society},
  doi = {10.1103/PhysRevA.98.032309},
  url = {http://link.aps.org/doi/10.1103/PhysRevA.98.032309}
}

@article{Zhu:2019circuit,
  doi = {10.1126/sciadv.aaw9918},
  url = {http://doi.org/10.1126/sciadv.aaw9918},
  year = {2019},
  month = oct,
  publisher = {American Association for the Advancement of Science ({AAAS})},
  volume = {5},
  number = {10},
  pages = {eaaw9918},
  author = {D. Zhu and N. M. Linke and M. Benedetti and K. A. Landsman and N. H. Nguyen and C. H. Alderete and A. Perdomo-Ortiz and N. Korda and A. Garfoot and C. Brecque and L. Egan and O. Perdomo and C. Monroe},
  title = {Training of quantum circuits on a hybrid quantum computer},
  journal = {Science Advances}
}

@article{Schuld:2020circuit,
   title={Circuit-centric quantum classifiers},
   volume={101},
   ISSN={2469-9934},
   url={http://dx.doi.org/10.1103/PhysRevA.101.032308},
   doi={10.1103/physreva.101.032308},
   number={3},
   journal={Physical Review A},
   publisher={American Physical Society (APS)},
   author={Schuld, Maria and Bocharov, Alex and Svore, Krysta M. and Wiebe, Nathan},
   year={2020},
   month={Mar},
   pages={032308}
}

@misc{lloyd:2020embeddings,
      title={Quantum embeddings for machine learning},
      author={Seth Lloyd and Maria Schuld and Aroosa Ijaz and Josh Izaac and Nathan Killoran},
      year={2020},
      eprint={2001.03622},
      archivePrefix={arXiv},
      primaryClass={quant-ph}
}

@misc{liu:2020svm,
      title={A rigorous and robust quantum speed-up in supervised machine learning},
      author={Yunchao Liu and Srinivasan Arunachalam and Kristan Temme},
      year={2020},
      eprint={2010.02174},
      archivePrefix={arXiv},
      primaryClass={quant-ph}
}

@article{wiebe2012quantum,
  title={Quantum algorithm for data fitting},
  author={Wiebe, Nathan and Braun, Daniel and Lloyd, Seth},
  journal={Physical Review Letters},
  volume={109},
  number={5},
  pages={050505},
  year={2012},
  publisher={APS}
}

@article{Rebentrost:2014svm,
   title={Quantum Support Vector Machine for Big Data Classification},
   volume={113},
   ISSN={1079-7114},
   url={http://dx.doi.org/10.1103/PhysRevLett.113.130503},
   doi={10.1103/physrevlett.113.130503},
   number={13},
   journal={Physical Review Letters},
   publisher={American Physical Society (APS)},
   author={Rebentrost, Patrick and Mohseni, Masoud and Lloyd, Seth},
   year={2014},
   month={Sep},
   pages={130503}
}

@article{lloyd:2013ml,
      title={Quantum algorithms for supervised and unsupervised machine learning},
      author={Lloyd, Seth and Mohseni, Masoud and Rebentrost, Patrick},
      journal={preprint arXiv:1307.0411},
      year={2013}
}

@article{kerenidis2020quantum,
  title={Quantum gradient descent for linear systems and least squares},
  author={Kerenidis, Iordanis and Prakash, Anupam},
  journal={Physical Review A},
  volume={101},
  number={2},
  pages={022316},
  year={2020},
  publisher={APS}
}

@article{scipy,
  doi = {10.1038/s41592-019-0686-2},
  url = {http://doi.org/10.1038/s41592-019-0686-2},
  year = {2020},
  month = feb,
  publisher = {Springer Science and Business Media {LLC}},
  volume = {17},
  number = {3},
  pages = {261--272},
  author = {Pauli Virtanen and others},
  title = {{SciPy} 1.0: fundamental algorithms for scientific computing in Python},
  journal = {Nature Methods}
}

@article{l-bfgs,
  doi = {10.1137/0916069},
  url = {http://doi.org/10.1137/0916069},
  year = {1995},
  month = sep,
  publisher = {Society for Industrial {\&} Applied Mathematics ({SIAM})},
  volume = {16},
  number = {5},
  pages = {1190--1208},
  author = {Richard H. Byrd and Peihuang Lu and Jorge Nocedal and Ciyou Zhu},
  title = {A Limited Memory Algorithm for Bound Constrained Optimization},
  journal = {{SIAM} Journal on Scientific Computing}
}

% LHC experimental data
@article{Aad:2014vwa,
    author = "Aad, Georges and others",
    collaboration = "ATLAS",
    title = "{Measurement of the inclusive jet cross-section in proton-proton collisions at $ \sqrt{s}=7 $ TeV using 4.5 fb$^{-1}$ of data with the ATLAS detector}",
    eprint = "1410.8857",
    archivePrefix = "arXiv",
    primaryClass = "hep-ex",
    reportNumber = "CERN-PH-EP-2014-155",
    doi = "10.1007/JHEP02(2015)153",
    journal = "JHEP",
    volume = "02",
    pages = "153",
    year = "2015",
    note = "[Erratum: JHEP 09, 141 (2015)]"
}
@article{Khachatryan:2015oaa,
    author = "Khachatryan, Vardan and others",
    collaboration = "CMS",
    title = "{Measurement of the Z boson differential cross section in transverse momentum and rapidity in proton\textendash{}proton collisions at 8 TeV}",
    eprint = "1504.03511",
    archivePrefix = "arXiv",
    primaryClass = "hep-ex",
    reportNumber = "CMS-SMP-13-013, CERN-PH-EP-2015-059",
    doi = "10.1016/j.physletb.2015.07.065",
    journal = "Phys. Lett. B",
    volume = "749",
    pages = "187--209",
    year = "2015"
}
@article{Aaij:2012vn,
    author = "Aaij, R and others",
    collaboration = "LHCb",
    title = "{Inclusive $W$ and $Z$ production in the forward region at $\sqrt{s} = 7$ TeV}",
    eprint = "1204.1620",
    archivePrefix = "arXiv",
    primaryClass = "hep-ex",
    reportNumber = "CERN-PH-EP-2012-099, LHCB-PAPER-2012-008",
    doi = "10.1007/JHEP06(2012)058",
    journal = "JHEP",
    volume = "06",
    pages = "058",
    year = "2012"
}


@misc{cma-package,
  doi = {10.5281/ZENODO.2559634},
  url = {http://zenodo.org/record/2559634},
  author = {{,  Niko} and {Youhei Akimoto} and {Yoshihikoueno} and Brockhoff,  Dimo and Chan,  Matthew and {ARF1}},
  title = {CMA-ES/pycma: r3.0.3},
  publisher = {Zenodo},
  year = {2020},
  copyright = {Open Access}
}

@incollection{cma,
  doi = {10.1007/3-540-32494-1_4},
  url = {http://doi.org/10.1007/3-540-32494-1_4},
  publisher = {Springer Berlin Heidelberg},
  pages = {75--102},
  author = {Nikolaus Hansen},
  title = {The {CMA} Evolution Strategy: A Comparing Review},
  booktitle = {Towards a New Evolutionary Computation}
}

@misc{hep_amplitudes-bepari2020,
      title={Towards a Quantum Computing Algorithm for Helicity Amplitudes and Parton Showers},
      author={Khadeejah Bepari and Sarah Malik and Michael Spannowsky and Simon Williams},
      year={2020},
      eprint={2010.00046},
      archivePrefix={arXiv},
      primaryClass={hep-ph}
}

@misc{hep_simulation-bauer2019,
      title={A quantum algorithm for high energy physics simulations},
      author={Christian W. Bauer and Wibe A. de Jong and Benjamin Nachman and Davide Provasoli},
      year={2019},
      eprint={1904.03196},
      archivePrefix={arXiv},
      primaryClass={hep-ph}
}

@article{hep_gluon-alexandru2019,
  title = {Gluon field digitization for quantum computers},
  author = {Alexandru, Andrei and Bedaque, Paulo F. and Harmalkar, Siddhartha and Lamm, Henry and Lawrence, Scott and Warrington, Neill C.},
  collaboration = {NuQS Collaboration},
  journal = {Phys. Rev. D},
  volume = {100},
  issue = {11},
  pages = {114501},
  numpages = {7},
  year = {2019},
  month = {Dec},
  publisher = {American Physical Society},
  doi = {10.1103/PhysRevD.100.114501},
  url = {http://link.aps.org/doi/10.1103/PhysRevD.100.114501}
}

@article{hep_parton-lamm2020,
  title = {Parton physics on a quantum computer},
  author = {Lamm, Henry and Lawrence, Scott and Yamauchi, Yukari},
  collaboration = {NuQS Collaboration},
  journal = {Phys. Rev. Research},
  volume = {2},
  issue = {1},
  pages = {013272},
  numpages = {7},
  year = {2020},
  month = {Mar},
  publisher = {American Physical Society},
  doi = {10.1103/PhysRevResearch.2.013272},
  url = {http://link.aps.org/doi/10.1103/PhysRevResearch.2.013272}
}

@article{Perez-Salinas:2020nem,
    author = "P\'erez-Salinas, Adri\'an and Cruz-Martinez, Juan and Alhajri, Abdulla A. and Carrazza, Stefano",
    title = "{Determining the proton content with a quantum computer}",
    eprint = "2011.13934",
    archivePrefix = "arXiv",
    primaryClass = "hep-ph",
    reportNumber = "TIF-UNIMI-2020-30",
    doi = "10.1103/PhysRevD.103.034027",
    journal = "Phys. Rev. D",
    volume = "103",
    number = "3",
    pages = "034027",
    year = "2021"
}


@article{Guan_2021,
   title={Quantum machine learning in high energy physics},
   volume={2},
   ISSN={2632-2153},
   url={http://dx.doi.org/10.1088/2632-2153/abc17d},
   DOI={10.1088/2632-2153/abc17d},
   number={1},
   journal={Machine Learning: Science and Technology},
   publisher={IOP Publishing},
   author={Guan, Wen and Perdue, Gabriel and Pesah, Arthur and Schuld, Maria and Terashi, Koji and Vallecorsa, Sofia and Vlimant, Jean-Roch},
   year={2021},
   month={Mar},
   pages={011003}
}

@article{chang2021quantum,
      title={Quantum Generative Adversarial Networks in a Continuous-Variable Architecture to Simulate High Energy Physics Detectors},
      author={Su Yeon Chang and Sofia Vallecorsa and Elías F. Combarro and Federico Carminati},
      year={2021},
      journal={arXiv preprint arXiv:2101.11132}
}

@article{Chang_2021,
   title={Dual-Parameterized Quantum Circuit GAN Model in High Energy Physics},
   volume={251},
   ISSN={2100-014X},
   url={http://dx.doi.org/10.1051/epjconf/202125103050},
   DOI={10.1051/epjconf/202125103050},
   journal={EPJ Web of Conferences},
   publisher={EDP Sciences},
   author={Chang, Su Yeon and Herbert, Steven and Vallecorsa, Sofia and Combarro, Elías F. and Duncan, Ross},
   editor={Biscarat, C. and Campana, S. and Hegner, B. and Roiser, S. and Rovelli, C.I. and Stewart, G.A.Editors},
   year={2021},
   pages={03050}
}

@article{Belis_2021,
   title={Higgs analysis with quantum classifiers},
   volume={251},
   ISSN={2100-014X},
   url={http://dx.doi.org/10.1051/epjconf/202125103070},
   DOI={10.1051/epjconf/202125103070},
   journal={EPJ Web of Conferences},
   publisher={EDP Sciences},
   author={Belis, Vasilis and González-Castillo, Samuel and Reissel, Christina and Vallecorsa, Sofia and Combarro, Elías F. and Dissertori, Günther and Reiter, Florentin},
   editor={Biscarat, C. and Campana, S. and Hegner, B. and Roiser, S. and Rovelli, C.I. and Stewart, G.A.Editors},
   year={2021},
   pages={03070}
}

@article{khattak2021fast,
      title={Fast Simulation of a High Granularity Calorimeter by Generative Adversarial Networks},
      author={Gul Rukh Khattak and Sofia Vallecorsa and Federico Carminati and Gul Muhammad Khan},
      year={2021},
      journal={arXiv preprint arXiv:2109.07388}
}

@article{efthymiou2020qibo,
      title={Qibo: a framework for quantum simulation with hardware acceleration},
      author={Stavros Efthymiou and Sergi Ramos-Calderer and Carlos Bravo-Prieto and Adrián Pérez-Salinas and Diego García-Martín and Artur Garcia-Saez and José Ignacio Latorre and Stefano Carrazza},
      year={2020},
      journal={arXiv preprint arXiv:2009.01845}
}

@software{stavros_efthymiou_2021_5088103,
  author       = {Stavros Efthymiou and
                  Stefano Carrazza and
                  Sergi Ramos and
                  bpcarlos and
                  AdrianPerezSalinas and
                  Diego García-Martín and
                  Paul and
                  Javier Serrano and
                  atomicprinter},
  title        = {qiboteam/qibo: Qibo 0.1.6-rc1},
  month        = jul,
  year         = 2021,
  publisher    = {Zenodo},
  version      = {v0.1.6-rc1},
  doi          = {10.5281/zenodo.5088103},
  url          = {https://doi.org/10.5281/zenodo.5088103}
}

@software{gadi_aleksandrowicz_2019_2562111,
  author       = {Aleksandrowicz, Gadi and
                  Alexander, Thomas and
                  Barkoutsos, Panagiotis and
                  Bello, Luciano and
                  Ben-Haim, Yael and
                  Bucher, David and
                  Cabrera-Hernández, Francisco Jose and
                  Carballo-Franquis, Jorge and
                  Chen, Adrian and
                  Chen, Chun-Fu and
                  others},
  title        = {{Qiskit: An Open-source Framework for Quantum
                   Computing}},
  month        = jan,
  year         = 2019,
  publisher    = {Zenodo},
  version      = {0.7.2},
  doi          = {10.5281/zenodo.2562111},
  url          = {https://doi.org/10.5281/zenodo.2562111}
}

@article{cross2017open,
      title={Open Quantum Assembly Language},
      author={Andrew W. Cross and Lev S. Bishop and John A. Smolin and Jay M. Gambetta},
      year={2017},
      journal={arXiv preprint arXiv:1707.03429}
}

@misc{tensorflow2015-whitepaper,
title={ {TensorFlow}: Large-Scale Machine Learning on Heterogeneous Systems},
url={https://www.tensorflow.org/},
note={Software available from tensorflow.org},
author={
    Abadi, Mart\'{\i}n and
    Agarwal, Ashish and
    Barham, Paul and
    Brevdo, Eugene and
    Chen, Zhifeng and
    Citro, Craig and
    Corrado, Greg~S. and
    Davis, Andy and
    Dean, Jeffrey and
    Devin, Matthieu and
    others},
  year={2015},
}


@article{kullback1951information,
  title={On information and sufficiency},
  author={Kullback, Solomon and Leibler, Richard A},
  journal={The annals of mathematical statistics},
  volume={22},
  number={1},
  pages={79--86},
  year={1951},
  publisher={JSTOR}
}

@article{baldi2021gan,
      title={How to GAN Higher Jet Resolution},
      author={Pierre Baldi and Lukas Blecher and Anja Butter and Julian Collado and Jessica N. Howard and Fabian Keilbach and Tilman Plehn and Gregor Kasieczka and Daniel Whiteson},
      year={2021},
      journal={arXiv preprint arXiv:2012.11944}
}

@article{Backes_2021,
   title={How to GAN Event Unweighting},
   volume={10},
   ISSN={2542-4653},
   number={4},
   journal={SciPost Physics},
   publisher={Stichting SciPost},
   author={Backes, Mathias and Butter, Anja and Plehn, Tilman and Winterhalder, Ramon},
   year={2021},
   month={Apr}
}

@article{butter2020generative,
      title={Generative Networks for LHC events},
      author={Anja Butter and Tilman Plehn},
      year={2020},
      journal={arXiv preprint arXiv:2008.08558}
}

@article{Butter_2021,
   title={GANplifying event samples},
   volume={10},
   ISSN={2542-4653},
   number={6},
   journal={SciPost Physics},
   publisher={Stichting SciPost},
   author={Butter, Anja and Diefenbacher, Sascha and Kasieczka, Gregor and Nachman, Benjamin and Plehn, Tilman},
   year={2021},
   month={Jun}
}

@article{Butter_2020,
   title={How to GAN event subtraction},
   volume={3},
   ISSN={2666-9366},
   number={2},
   journal={SciPost Physics Core},
   publisher={Stichting SciPost},
   author={Butter, Anja and Plehn, Tilman and Winterhalder, Ramon},
   year={2020},
   month={Nov}
}

@article{Bellagente_2020,
   title={How to GAN away detector effects},
   volume={8},
   ISSN={2542-4653},
   number={4},
   journal={SciPost Physics},
   publisher={Stichting SciPost},
   author={Bellagente, Marco and Butter, Anja and Kasieczka, Gregor and Plehn, Tilman and Winterhalder, Ramon},
   year={2020},
   month={Apr}
}

@article{Butter_2019,
   title={How to GAN LHC events},
   volume={7},
   ISSN={2542-4653},
   number={6},
   journal={SciPost Physics},
   publisher={Stichting SciPost},
   author={Butter, Anja and Plehn, Tilman and Winterhalder, Ramon},
   year={2019},
   month={Dec}
}

@inproceedings{frid2018synthetic,
  title={Synthetic data augmentation using GAN for improved liver lesion classification},
  author={Frid-Adar, Maayan and Klang, Eyal and Amitai, Michal and Goldberger, Jacob and Greenspan, Hayit},
  booktitle={2018 IEEE 15th international symposium on biomedical imaging (ISBI 2018)},
  pages={289--293},
  year={2018},
  organization={IEEE}
}

@article{tanaka2019data,
      title={Data Augmentation Using GANs},
      author={Fabio Henrique Kiyoiti dos Santos Tanaka and Claus Aranha},
      year={2019},
      journal={arXiv preprint arXiv:1904.09135}
}

@article{Alwall:2014hca,
    author = "Alwall, J. and Frederix, R. and Frixione, S. and Hirschi, V. and Maltoni, F. and Mattelaer, O. and Shao, H. -S. and Stelzer, T. and Torrielli, P. and Zaro, M.",
    title = "{The automated computation of tree-level and next-to-leading order differential cross sections, and their matching to parton shower simulations}",
    reportNumber = "CERN-PH-TH-2014-064, CP3-14-18, LPN14-066, MCNET-14-09, ZU-TH-14-14",
    journal = "JHEP",
    volume = "07",
    pages = "079",
    year = "2014"
}

@article{Frederix:2018nkq,
    author = "Frederix, R. and Frixione, S. and Hirschi, V. and Pagani, D. and Shao, H. -S. and Zaro, M.",
    title = "{The automation of next-to-leading order electroweak calculations}",
    primaryClass = "hep-ph",
    reportNumber = "Nikhef/2018-015, TUM-HEP-1138/18, NIKHEF-2018-015, TUM-HEP-1138-18",
    journal = "JHEP",
    volume = "07",
    pages = "185",
    year = "2018"
}
